@online{css-1-release,
  author = {Håkon Wium Lie and Bert Bos},
  title  = {{Cascading} {Style} {Sheets}, level 1},
  url    = {https://www.w3.org/TR/CSS1/},
  year   = {1996}
}
@online{css-2-release,
  author = {Håkon Wium Lie, Bert Bos, Chris Lilley and Ian Jacobs},
  title  = {{Cascading} {Style} {Sheets}, level 2},
  url    = {https://www.w3.org/TR/2008/REC-CSS2-20080411/},
  year   = {1998}
}
@online{css-2.1-release,
  author = {Håkon Wium Lie and Bert Bos},
  title  = {{Cascading} {Style} {Sheets} {Level} 2 {Revision} 1 ({CSS} 2.1) Specification},
  url    = {https://www.w3.org/TR/2011/PR-CSS2-20110412/},
  year   = {2011}
}
@online{css-images-4,
  author = {W3C},
  title  = {{CSS} {Image} {Values} and {Replaced} {Content} {Module} {Level} 4},
  url    = {https://www.w3.org/TR/2017/WD-css-images-4-20170413/},
  year   = {2017}
}
@online{mixing-percentages,
  author = {W3C},
  title  = {Mixing Percentages and Dimensions - {CSS} {Values} and {Units} {Module} {Level} 3},
  url    = {https://www.w3.org/TR/css-values-3/#mixed-percentages},
}
@online{release-calendar,
  title  = {{Firefox} {Release} {Calendar} - {MozillaWiki}},
  url    = {https://wiki.mozilla.org/Release_Management/Calendar},
}
@online{code-cartoons,
  author = {Lin Clark},
  title  = {Inside a super fast {CSS} engine: {Quantum} {CSS} (aka {Stylo})},
  url    = {https://hacks.mozilla.org/2017/08/inside-a-super-fast-css-engine-quantum-css-aka-stylo/},
}
@online{nightly,
  title  = {{Firefox} {Nightly}},
  url    = {https://nightly.mozilla.org},
}
@online{treeherder,
  title  = {Treeherder},
  url    = {https://treeherder.mozilla.org},
}
@online{bugzilla,
  title  = {Bugzilla},
  url    = {https://bugzilla.mozilla.org},
}
@online{searchfox,
  title  = {Searchfox},
  url    = {https://searchfox.org},
}
@online{codetribute,
  title  = {Codetribute},
  url    = {https://codetribute.mozilla.org},
}
@online{mercurial,
  title = {Mercurial},
  url = {https://www.mercurial-scm.org/}
}

@online{phabricator,
  title = {Phacility - {Phabricator}},
  url = {https://phacility.com/phabricator/}
}
@online{phabricator-moz,
  title = {Phabricator},
  url = {https://phabricator.services.mozilla.com/}
}
@online{mochitest,
  title = {Mochitest | {MDN}},
  url = {https://developer.mozilla.org/docs/Mozilla/Projects/Mochitest}
}
@online{build-firefox,
  title = {Build Firefox! - Building {Firefox} for {macOS}},
  url = {https://developer.mozilla.org/docs/Mozilla/Developer_guide/Build_Instructions/Mac_OS_X_Prerequisites#Build_Firefox!}
}
@online{using-try,
  title = {Try Server - Firefox Source Docs},
  url = {https://firefox-source-docs.mozilla.org/tools/try/index.html}
}
@online{configuring-try,
  title = {Configuring Try - Firefox Source Docs},
  url = {https://firefox-source-docs.mozilla.org/tools/try/configuration.html}
}

@online{badminton-eurasia,
  title  = {History - {Badminton} - Wikipedia},
  url    = {https://en.wikipedia.org/wiki/Badminton#History}
}

@online{quirks-mode-mdn,
  title  = {Quirks {Mode} and {Standards} {Mode} | MDN},
  url    = {https://developer.mozilla.org/docs/Web/HTML/Quirks_Mode_and_Standards_Mode}
}
@online{statcounter-2009,
  author = {StatCounter},
  title  = {Top 5 {Desktop}, {Tablet} \& {Console} {Browsers} from {July} 2008 - {Sept} 2016},
  url    = {https://gs.statcounter.com/#browser-ww-monthly-200807-201609}
}

@online{blink-fork,
  author = {blink-dev - Google Groups},
  title  = {Which webkit revision is {Blink} forking from? - blink-dev},
  url    = {https://groups.google.com/a/chromium.org/d/msg/blink-dev/J41PSKuMan0/gD5xcqicqP8J}
}

@online{webkit-gradient,
  author = {Dave Hyatt},
  title  = {Introducing {CSS} Gradients | WebKit},
  url    = {https://webkit.org/blog/175/introducing-css-gradients/},
  date   = {2008-04-14}
}

@online{webkit-linear-gradient,
  author = {Simon Fraser},
  title  = {{CSS3} Gradients | {WebKit}},
  url    = {https://webkit.org/blog/1424/css3-gradients/},
  date   = {2011-01-14}
}

@online{caniuse-gradients,
  title  = {{CSS} Gradients - {Can} {I} {Use}},
  url    = {https://caniuse.com/#feat=css-gradients}
}

@online{google-homepage-2014,
  author = {Wayback Machine},
  title  = {Google - Archived from 2014},
  url    = {http://web.archive.org/web/20140215000056/http://www.google.com/}
}
@online{about-lea-verou,
  author = {Lea Verou},
  title  = {About me},
  url    = {http://lea.verou.me/about/}
}

@online{blog-post-lea-verou,
  author = {Lea Verou},
  title  = {Conical gradients, today!},
  url    = {http://lea.verou.me/2015/06/conical-gradients-today/},
  date   = {2015-06-18}
}

@online{w3c-about,
  author = {W3C},
  title  = {About {W3C}},
  url    = {https://www.w3.org/Consortium/},
  year   = {2019}
}

@online{whatwg-faq,
  author = {WHATWG},
  title  = {{FAQ} — {WHATWG}},
  url    = {https://whatwg.org/faq#what-is-the-whatwg}
}

@online{blog-post-whatwg-w3c,
  author = {Jeff Jaffe},
  title  = {{W3C} and {WHATWG} to work together to advance the open Web platform},
  url    = {https://www.w3.org/blog/2019/05/w3c-and-whatwg-to-work-together-to-advance-the-open-web-platform/},
  date   = {2019-05-28}
}

@online{blog-post-alligator,
  author = {Alligator.io},
  title  = {Introduction to Conic Gradients in {CSS} ← {Alligator.io}},
  url    = {https://alligator.io/css/conic-gradients/},
  date   = {2018-10-01}
}

@online{blog-post-andrew,
  author = {FollowAndrew},
  title  = {{CSS} Conic Gradient Effects Tutorial},
  url    = {https://followandrew.dev/css-conic-gradient-effects-tutorial/},
  year   = {2019}
}

@online{conic-gradient-polyfill,
  author = {Lea Verou},
  title  = {{CSS} conic-gradient() polyfill},
  url    = {https://leaverou.github.io/conic-gradient/},
  year   = {2015}
}

@online{conic-gradient-specification,
  author = {Tab Abkins Jr. and Elika J. Etemad and Lea Verou},
  title  = {{CSS} {Images} {Level} 4 Specification (latest version)},
  url    = {https://drafts.csswg.org/css-images-4/#conic-gradients},
  year   = {2020}
}

@online{css-values-specification,
  author = {Tab Abkins Jr. and Elika J. Etemad},
  title  = {{CSS} {Values} {Level} 4 Specification (latest version)},
  url    = {https://drafts.csswg.org/css-values-4/#typedef-angle-percentage},
  year   = {2020}
}

@online{whatwg-quirks-mode-spec,
  author = {WHATWG},
  title  = {Quirks Mode},
  url    = {https://quirks.spec.whatwg.org/},
  year   = {2020}
}

@online{w3c-consortium-process-doc,
  author = {W3C},
  title  = {{World} {Wide} {Web} {Consortium} Process Document},
  url    = {https://www.w3.org/2019/Process-20190301/#maturity-levels},
  year   = {2019}
}

@online{caniuse-conic-gradients,
  title  = {{CSS} {Conical} {Gradients} - {Can} {I} {Use}},
  url    = {https://caniuse.com/#feat=css-conic-gradients}
}

@online{reftest-analyser,
  author = {Mozilla},
  title  = {Reftest analyser},
  url    = {https://hg.mozilla.org/mozilla-central/raw-file/tip/layout/tools/reftest/reftest-analyzer.xhtml}
}

@online{twitter-search,
  author = {Twitter},
  title  = {Search for ``conic gradient''},
  url    = {https://twitter.com/search?q=conic\%20gradient&src=typed_query&f=live}
}
@online{github-search,
  author = {Github},
  title  = {Search for the conic gradient polyfill},
  url    = {https://github.com/search?l=HTML&p=1&q=https\%3A\%2F\%2Fleaverou.github.io\%2Fconic-gradient\%2F&type=Code}
}
@online{color-stop-spec,
  author = {W3C},
  title  = {Color Stop Lists - {CSS} {Images} {Module} {Level} 4},
  url    = {https://drafts.csswg.org/css-images-4/#color-stop-syntax}
}
@online{interpolation-spec,
  author = {W3C},
  title  = {Placing color stops - {CSS} {Images} {Module} {Level} 4},
  url    = {https://drafts.csswg.org/css-images-4/#conic-color-stops}
}
@online{display-list-opengl,
  author = {glprogramming.com},
  title  = {{OpenGL} {Programming} {Guide}},
  url    = {https://www.glprogramming.com/red/chapter07.html}
}

@online{wikipedia-primitive,
  author = {Wikipedia},
  title  = {Geometric primitive},
  url    = {https://en.wikipedia.org/wiki/Geometric_primitive}
}
@online{diff-angleOrPercentage,
  author = {Tim Nguyen},
  title  = {D62158 - {Bug} 1614160 - {Add} {AngleOrPercentage} to style system. r=emilio},
  url    = {https://phabricator.services.mozilla.com/D62158}
}
@online{diff-generic-types,
  author = {Tim Nguyen},
  title  = {D62544 - {Bug} 1614648 - {Make} {GradientItem} and {ColorStop} support angular color stops. r=emilio},
  url    = {https://phabricator.services.mozilla.com/D62544}
}
@online{diff-refactor-style,
  author = {Tim Nguyen},
  title  = {D62923 - {Bug} 1615489 - {Refactor} {GenericGradient} for conic-gradient support. r=emilio},
  url    = {https://phabricator.services.mozilla.com/D62923}
}
@online{diff-webrender,
  author = {Tim Nguyen},
  title  = {D61599 - {Bug} 1614890 - {Implement} conic-gradient for {WebRender} graphics backend.},
  url    = {https://phabricator.services.mozilla.com/D61599}
}
@online{diff-d2d,
  author = {Tim Nguyen},
  title  = {{D66305} - {Bug} {1617396} {-} {Implement} {conic-gradient} {for} {Direct2D} {graphics} {backend.}},
  url    = {https://phabricator.services.mozilla.com/D66305}
}
@online{diff-webrender-normalization,
  author = {Tim Nguyen},
  title  = {{D65391} - {Bug} {1616255} {-} {Handle} {start} {and} {end} {offsets} {in} {conic-gradient} {WR} {shader.}},
  url    = {https://phabricator.services.mozilla.com/D65391}
}
@online{diff-webrender-tests,
  author = {Tim Nguyen},
  title  = {{D63213} - {Bug} {1616106} {-} {Add} {more} {tests} {and} {reference} {images} {for} {conic-gradient} {wrench} {test} {suite.}},
  url    = {https://phabricator.services.mozilla.com/D63213}
}
@online{diff-canvas,
  author = {Tim Nguyen},
  title  = {D69465 - {Bug} 1627014 - {Implement} {CanvasRenderingContext2D.createConicGradient}.},
  url    = {https://phabricator.services.mozilla.com/D69465}
}
@online{metallic-button-demo,
  author = {Ana Tudor},
  title  = {Metallic button},
  url    = {https://codepen.io/thebabydino/pen/qdPRpN/}
}
@online{tor-browser-sec,
  author = {StackExchange},
  title  = {Why is {JavaScript} disabled in the {Tor} {Browser} {Bundle}?},
  url    = {https://security.stackexchange.com/questions/40620/why-is-javascript-disabled-in-the-tor-browser-bundle}
}
@online{rust,
  title = {{Rust} {Programming} {Language}},
  url = {https://www.rust-lang.org/}
}
@online{webrender-readme,
  title = {{webrender/README.md} at 12dce8e771720d753aeab539100ffa7dcaddf705 · servo/webrender},
  url = {https://github.com/servo/webrender/blob/12dce8e771720d753aeab539100ffa7dcaddf705/README.md}
}
@online{shader-definition,
  title = {{LearnOpenGL} - {Shaders}},
  url = {https://learnopengl.com/Getting-started/Shaders}
}
@online{fragment-shader,
  title = {{GLSL} {Tutorial} - {Fragment} {Shader} - {Lighthouse3d.com}},
  url = {http://www.lighthouse3d.com/tutorials/glsl-tutorial/fragment-shader/}
}
@online{vertex-shader,
  title = {{GLSL} {Tutorial} - {Vertex} {Shader} - {Lighthouse3d.com}},
  url = {http://www.lighthouse3d.com/tutorials/glsl-tutorial/vertex-shader/}
}
@online{rust-creation,
  title = {The {Rust} {Language} | {Lambda} the {Ultimate}},
  url = {http://lambda-the-ultimate.org/node/4009},
  author = {Noel},
  date = {2010-07-08}
}
@online{reftests,
  title = {Reftests - {Firefox} {Source} {Docs}},
  url = {https://firefox-source-docs.mozilla.org/web-platform/writing-tests/reftests.html},
}
@online{reftests-fuzzy,
  title = {Fuzzy matching - Reftests - {Firefox} {Source} {Docs}},
  url = {https://firefox-source-docs.mozilla.org/web-platform/writing-tests/reftests.html#fuzzy-matching},
}
@online{generic-types,
  title  = {Generics - {Rust} {By} {Example}},
  url    = {https://doc.rust-lang.org/rust-by-example/generics.html}
}
@online{skia,
  title  = {Skia {Graphics} {Library}},
  url    = {https://skia.org/}
}
@online{webrender-where,
  title  = {{Platform/GFX/WebRender} {Where} - {MozillaWiki}},
  url    = {https://wiki.mozilla.org/Platform/GFX/WebRender_Where}
}
@online{computed-value,
  author = {W3C},
  title  = {{Computed} {Value} - {Assigning} property values, {Cascading}, and {Inheritance}},
  url    = {https://www.w3.org/TR/CSS22/cascade.html#computed-value}
}

@online{specified-value,
  author = {W3C},
  title  = {{Specified} {Value} - {Assigning} property values, {Cascading}, and {Inheritance}},
  url    = {https://www.w3.org/TR/CSS22/cascade.html#specified-value}
}
@online{resolved-value,
  author = {W3C},
  title  = {{CSS} {Object} {Model} {(CSSOM)}},
  url    = {https://drafts.csswg.org/cssom/#resolved-values}
}
@online{servo,
  title  = {Servo, the parallel browser engine},
  url    = {https://servo.org/}
}
@online{unitless-zeroes-issue,
  title  = {[css-values] {Ambiguities} with 0 valid for all dimensions · {Issue} \#1162 · w3c/csswg-drafts},
  url    = {https://github.com/w3c/csswg-drafts/issues/1162}
}
@online{unitless-zeroes-conic-gradient,
  title  = {conic-gradient() syntax - {CSS} {Images} {Module} {Level} 4},
  url    = {https://drafts.csswg.org/css-images-4/#valdef-conic-gradient-angle}
}
@online{serialization-shortest-form,
  title  = {Serialization - {CSS} {Images} {Module} {Level} 4},
  url    = {https://drafts.csswg.org/css-images-4/#serialization}
}
@online{serialization-broken-chrome,
  title = {gradient-position-valid.html - mozsearch},
  url = {https://searchfox.org/mozilla-central/rev/fa52bedc4b401c12251513fa1c9df1753a29abb2/testing/web-platform/tests/css/css-images/parsing/gradient-position-valid.html#16}
}
@online{serialization-fixed-firefox,
  title = {{D67461} - {Bug} {1618997} {-} {Omit} {center} {positions} {in} {conic/radial} {gradient} {serialization.}},
  url = {https://phabricator.services.mozilla.com/D67461}
}
@online{open-dot-gl-website,
  title = {{OpenGL} {-} {Drawing} {polygons}},
  url = {https://open.gl/drawing}
}
@online{windows-build-prereqs,
  title = {{Building} {Firefox} {for} {Windows} {-} {Mozilla} {|} {MDN}},
  url = {https://developer.mozilla.org/docs/Mozilla/Developer_guide/Build_Instructions/Windows_Prerequisites}
}
@online{unanimatable-images,
  author = {W3C},
  title  = {{Image} {Sources}: the background-image property - {CSS} {Backgrounds} and {Borders} {Module} {Level} 3},
  url    = {https://www.w3.org/TR/css-backgrounds-3/#the-background-image}
}

@online{ntim-issue-conic-gradient,
  author = {Tim Nguyen},
  title = {Proposal: add {createConicGradient} to {CanvasRenderingContext2D} · {Issue} \#5431 · whatwg/html},
  url = {https://github.com/whatwg/html/issues/5431}
}
@online{fserb-conic-gradient,
  author = {Aaron Krajeski, Fernando Serboncini and Tim Nguyen},
  title = {canvas2D/conic-gradient.md at master · fserb/canvas2D},
  url = {https://github.com/fserb/canvas2D/blob/master/spec/conic-gradient.md}
}
@online{direct2d-blocklist,
  title = {{GfxInfo.cpp} - mozsearch},
  url = {https://searchfox.org/mozilla-central/rev/a707541ff423ade0d81cef6488e6ecfa09273886/widget/windows/GfxInfo.cpp#1447}
}
@online{opengl-vectors,
  title = {Vectors - {Data} {Type} {(GLSL)} {-} {OpenGL} {Wiki}},
  url = {https://www.khronos.org/opengl/wiki/Data_Type_(GLSL)#Vectors}
}
@online{webrender-pref,
  title = {{StaticPrefList.yaml} - mozsearch},
  url = {https://searchfox.org/mozilla-central/rev/a707541ff423ade0d81cef6488e6ecfa09273886/modules/libpref/init/StaticPrefList.yaml#3979}
}
@online{brush-glsl-mem-layout,
  title = {{brush.glsl} {-} {mozsearch}},
  url = {https://searchfox.org/mozilla-central/rev/0688ffdef223dac527c2fcdb25560118c4e4df51/gfx/wr/webrender/res/brush.glsl}
}
@online{conic-gradient-shader,
  title = {{brush\_conic\_gradient.glsl} {-} {mozsearch}},
  url = {https://searchfox.org/mozilla-central/rev/0688ffdef223dac527c2fcdb25560118c4e4df51/gfx/wr/webrender/res/brush_conic_gradient.glsl}
}
@online{skia-chromium-conic,
  title = {{chromium/gradient.cc} {at} {c20d681c9c067c4e15bb1408f17114b9e8cba294} {·} {chromium/chromium}},
  url = {https://github.com/chromium/chromium/blob/c20d681c9c067c4e15bb1408f17114b9e8cba294/third_party/blink/renderer/platform/graphics/gradient.cc#L327}
}
@online{skia-chromium-conic-2,
  title = {{chromium/paint\_shader.cc} {at} {2f778d2bd09579100bb1f1de5ab666056c1fd48b} {·} {chromium/chromium}},
  url = {https://github.com/chromium/chromium/blob/2f778d2bd09579100bb1f1de5ab666056c1fd48b/cc/paint/paint_shader.cc#L174}
}
@online{skia-chromium-conic-3,
  title = {{chromium/paint\_shader.cc} {at} {2f778d2bd09579100bb1f1de5ab666056c1fd48b} {·} {chromium/chromium}},
  url = {https://github.com/chromium/chromium/blob/2f778d2bd09579100bb1f1de5ab666056c1fd48b/cc/paint/paint_shader.cc#L434}
}
@online{skia-shader-docs,
  title = {{SkPaint} {Overview}},
  url = {https://skia.org/user/api/skpaint_overview}
}
@online{wpt-readme,
  title = {{web-platform-tests/wpt:} {Test} {suites} {for} {Web} {platform} {specs} {—} {including} {WHATWG,} {W3C,} {and} {others}},
  url = {https://github.com/web-platform-tests/wpt#readme}
}
@online{wpt-color-stop-parsing,
  title = {{Add} {a} {gradient} {color-stops} {parsing} {test} {by} {fmalita} {·} {Pull} {Request} {\#10274} {·} {web-platform-tests/wpt}},
  url = {https://github.com/web-platform-tests/wpt/pull/10274}
}
@online{wpt-border-image-source-computed,
  title = {{CSS:} {Test} {computed} {value} {of} {border} {properties} {(Ie074a5f3)} {·} {Gerrit} {Code} {Review}},
  url = {https://chromium-review.googlesource.com/c/chromium/src/+/1655588}
}
@online{wpt-multiple-position-color-stop-conic,
  title = {{Add} {basic} {tests} {for} {multiple} {position} {gradient} {stops} {(I56bc9b43)} {·} {Gerrit} {Code} {Review}},
  url = {https://chromium-review.googlesource.com/c/chromium/src/+/1228120}
}
@online{wpt-expectations,
  author = {Tim Nguyen},
  title = {{D63772} - {Bug} {1617397} {-} {Update} {WPT} {expectations} {for} {conic-gradient.} r=jgraham},
  url = {https://phabricator.services.mozilla.com/D63772}
}
@online{wpt-new-tests,
  author = {Tim Nguyen},
  title = {{D65928} - {Bug} {1616986} {-} {Add} {WPT} {reftests} {for} {conic-gradient} {and} {stop} {normalization.} {r=emilio}},
  url = {https://phabricator.services.mozilla.com/D65928}
}
@online{wrench-wiki,
  title = {{Debugging} {WebRender} {·} {servo/webrender} {Wiki}},
  url = {https://github.com/servo/webrender/wiki/Debugging-WebRender#wrench}
}
@online{conic-simple,
  title = {{conic-simple.yaml} {-} {mozsearch}},
  url = {https://searchfox.org/mozilla-central/rev/0688ffdef223dac527c2fcdb25560118c4e4df51/gfx/wr/wrench/reftests/gradient/conic-simple.yaml}
}
@online{moz2d,
  title = {{Platform/GFX/Moz2D} {-} {MozillaWiki}},
  url = {https://wiki.mozilla.org/Platform/GFX/Moz2D}
}
@online{diff-skia,
  author = {Tim Nguyen},
  title = {{D63415} - {Bug} {1616587} {-} {Implement} {conic-gradient} {for} {Skia} {graphics} {backend.}},
  url = {https://phabricator.services.mozilla.com/D63415}
}
@online{compatibility-standard,
  title = {{Compatibility} {Standard}},
  url = {https://compat.spec.whatwg.org/#css-gradients-webkit-linear-gradient}
}
@online{wpt-fyi,
  title = {{web-platform-tests} {dashboard}},
  url = {https://wpt.fyi/results/css/css-images?label=master&label=experimental&product=chrome-84.0.4143.2%20dev&product=edge-84.0.508.0&product=firefox-78.0a1&product=safari-105%20preview&aligned&q=conic}
}
@online{mesh-gradients-win10,
  title = {{ID2D1DeviceContext2::CreateGradientMesh} {(d2d1\_3.h)} {-} {Win32} {apps} {|} {Microsoft} {Docs}},
  url = {https://docs.microsoft.com/en-us/windows/win32/api/d2d1_3/nf-d2d1_3-id2d1devicecontext2-creategradientmesh}
}

@online{internal-pref-printing,
  title = {{nsPrintSettingsImpl.cpp} {-} {mozsearch}},
  url = {https://searchfox.org/mozilla-central/rev/8bc4e35c9bb47c1fe3131e6155d9f482e1efef9a/widget/nsPrintSettingsImpl.cpp#22}
}
@online{spec-position,
  author = {W3C},
  title = {{CSS} {Values} {and} {Units} {Module} {Level} {3}},
  url = {https://drafts.csswg.org/css-values-3/#position}
}

